@inproceedings{kusner2015word,
  title={From word embeddings to document distances},
  author={Kusner, Matt and Sun, Yu and Kolkin, Nicholas and Weinberger, Kilian},
  booktitle={International Conference on Machine Learning},
  pages={957--966},
  year={2015}
}

@inproceedings{manning2014stanford,
  title={The Stanford CoreNLP natural language processing toolkit},
  author={Manning, Christopher and Surdeanu, Mihai and Bauer, John and Finkel, Jenny and Bethard, Steven and McClosky, David},
  booktitle={Proceedings of 52nd annual meeting of the association for computational linguistics: system demonstrations},
  pages={55--60},
  year={2014}
}

@inproceedings{abka2016evaluating,
  title={Evaluating the use of word embeddings for part-of-speech tagging in Bahasa Indonesia},
  author={Abka, Achmad F},
  booktitle={Computer, Control, Informatics and its Applications (IC3INA), 2016 International Conference on},
  pages={209--214},
  year={2016},
  organization={IEEE}
}

@incollection{NIPS2013_5021,
title = {Distributed Representations of Words and Phrases and their Compositionality},
author = {Mikolov, Tomas and Sutskever, Ilya and Chen, Kai and Corrado, Greg S and Dean, Jeff},
booktitle = {Advances in Neural Information Processing Systems 26},
editor = {C. J. C. Burges and L. Bottou and M. Welling and Z. Ghahramani and K. Q. Weinberger},
pages = {3111--3119},
year = {2013},
publisher = {Curran Associates, Inc.},
url = {http://papers.nips.cc/paper/5021-distributed-representations-of-words-and-phrases-and-their-compositionality.pdf}
}

@article{mahoney2011large,
  title={Large text compression benchmark},
  author={Mahoney, Matt},
  journal={URL: http://www. mattmahoney. net/text/text. html},
  year={2011}
}

@article{sandhaus2008new,
  title={The New York Times Annotated Corpus, Linguistic Data Consortium},
  author={Sandhaus, Evan},
  journal={Philadelphia},
  volume={6},
  number={12},
  pages={e26--752},
  year={2008}
}

@inproceedings{fonarev2017riemannian,
  title={Riemannian Optimization for Skip-Gram Negative Sampling},
  author={Fonarev, A. and Grinchuk, O. and Gusev, G. and Serdyukov, P. and Oseledets, I.},
  booktitle={Proceedings of the 55th Annual Meeting of the Association for Computational Linguistics (Volume 1: Long Papers)},
  volume={1},
  pages={2028--2036},
  year={2017}
}

@article{levy2015improving,
  title={Improving distributional similarity with lessons learned from word embeddings},
  author={Levy, O. and Goldberg, Y. and Dagan, I.},
  journal={Transactions of the Association for Computational Linguistics},
  volume={3},
  pages={211--225},
  year={2015}
}

@article{park2016finding,
  title={Finding low-rank solutions to matrix problems, efficiently and provably},
  author={Park, D. and Kyrillidis, A. and Caramanis, C. and Sanghavi, S.},
  journal={arXiv preprint arXiv:1606.03168},
  year={2016}
}

@article{lai2016generate,
  title={How to generate a good word embedding},
  author={Lai, Siwei and Liu, Kang and He, Shizhu and Zhao, Jun},
  journal={IEEE Intelligent Systems},
  volume={31},
  number={6},
  pages={5--14},
  year={2016},
  publisher={IEEE}
}

@inproceedings{levy2014neural,
  title={Neural word embedding as implicit matrix factorization},
  author={Levy, Omer and Goldberg, Yoav},
  booktitle={Advances in neural information processing systems},
  pages={2177--2185},
  year={2014}
}